<record><leader>00000cas a2200000 a 4500</leader><controlfield tag="001">12192720</controlfield><controlfield tag="008">850624d18851885ksuwr ne      0    0eng d</controlfield><datafield ind1=" " ind2=" " tag="010"><subfield code="a">sn 85029355 </subfield></datafield><datafield ind1=" " ind2=" " tag="040"><subfield code="a">KSH</subfield><subfield code="b">eng</subfield><subfield code="c">KSH</subfield><subfield code="d">NPT</subfield><subfield code="d">OCL</subfield><subfield code="d">OCLCQ</subfield></datafield><datafield ind1=" " ind2=" " tag="042"><subfield code="a">msc</subfield></datafield><datafield ind1="0" ind2="0" tag="245"><subfield code="a">Astonisher &amp; paralyzer.</subfield></datafield><datafield ind1="3" ind2="0" tag="246"><subfield code="a">Astonisher and paralyzer</subfield></datafield><datafield ind1=" " ind2=" " tag="260"><subfield code="a">Carbondale, Kan. :</subfield><subfield code="b">R.F. Playford,</subfield><subfield code="c">1885.</subfield></datafield><datafield ind1=" " ind2=" " tag="300"><subfield code="a">1 v. ;</subfield><subfield code="c">64 cm.</subfield></datafield><datafield ind1=" " ind2=" " tag="310"><subfield code="a">Weekly</subfield></datafield><datafield ind1="0" ind2=" " tag="362"><subfield code="a">Vol. 1, no. 1 (Jan. 3, 1885)-v. 1, no. 5 (Jan. 31, 1885).</subfield></datafield><datafield ind1=" " ind2=" " tag="500"><subfield code="a">Title varies slightly.</subfield></datafield><datafield ind1=" " ind2=" " tag="500"><subfield code="a">"Republican." Cf. Ayer, 1885.</subfield></datafield><datafield ind1=" " ind2=" " tag="752"><subfield code="a">United States</subfield><subfield code="b">Kansas</subfield><subfield code="c">Osage</subfield><subfield code="d">Carbondale.</subfield></datafield><datafield ind1="0" ind2="0" tag="780"><subfield code="t">Carbondale independent (Carbondale, Kan. : 1882)</subfield><subfield code="w">(DLC)sn 85029358</subfield></datafield><datafield ind1="0" ind2="0" tag="785"><subfield code="t">Reub Playford's astonisher and paralyzer</subfield><subfield code="w">(DLC)sn 85029360</subfield></datafield></record>